@article{gebser2014clingo,
  title = {Clingo= ASP+ control: Preliminary report},
  author = {Gebser, Martin and Kaminski, Roland and Kaufmann, Benjamin and Schaub, Torsten},
  journal = {arXiv preprint arXiv:1405.3694},
  year = {2014},
}
@article{lifschitz2002answer,
  title = {Answer set programming and plan generation},
  author = {Lifschitz, Vladimir},
  journal = {Artificial Intelligence},
  volume = {138},
  number = {1-2},
  pages = {39--54},
  year = {2002},
  publisher = {Elsevier},
}
@article{wang2011mapp,
  title = {MAPP: a scalable multi-agent path planning algorithm with tractability and completeness guarantees},
  author = {Wang, Ko-Hsin Cindy and Botea, Adi},
  journal = {Journal of Artificial Intelligence Research},
  volume = {42},
  pages = {55--90},
  year = {2011},
}
@inproceedings{ma2016optimal,
  title = {Optimal target assignment and path finding for teams of agents},
  author = {Ma, Hang and Koenig, Sven},
  booktitle = {Proceedings of the 2016 International Conference on Autonomous Agents \& Multiagent Systems},
  pages = {1144--1152},
  year = {2016},
  organization = {International Foundation for Autonomous Agents and Multiagent Systems},
}
@article{li2016design,
  title = {Design optimization of amazon robotics},
  author = {Li, Jun-tao and Liu, Hong-jian},
  journal = {Automation, Control and Intelligent Systems},
  volume = {4},
  number = {2},
  pages = {48--52},
  year = {2016},
}
@article{wurman2008coordinating,
  title = {Coordinating hundreds of cooperative, autonomous vehicles in warehouses},
  author = {Wurman, Peter R and D'Andrea, Raffaello and Mountz, Mick},
  journal = {AI magazine},
  volume = {29},
  number = {1},
  pages = {9--9},
  year = {2008},
}
@inproceedings{DBLP:conf-ijcai-NguyenOSS017,
  author = {Nguyen, Van and Obermeier, Philipp and Son, Tran Cao and Schaub, Torsten and Yeoh, William},
  title = {Generalized Target Assignment and Path Finding Using Answer Set Programming},
  booktitle = {{IJCAI}},
  pages = {1216--1223},
  publisher = {ijcai.org},
  year = {2017},
}
@inproceedings{boyarski2015icbs,
  title = {ICBS: improved conflict-based search algorithm for multi-agent pathfinding},
  author = {Boyarski, Eli and Felner, Ariel and Stern, Roni and Sharon, Guni and Tolpin, David and Betzalel, Oded and Shimony, Eyal},
  booktitle = {Twenty-Fourth International Joint Conference on Artificial Intelligence},
  year = {2015},
}
@article{botea2004near,
  title = {Near optimal hierarchical path-finding},
  author = {Botea, Adi and M{\"u}ller, Martin and Schaeffer, Jonathan},
  journal = {Journal of game development},
  volume = {1},
  number = {1},
  pages = {7--28},
  year = {2004},
  publisher = {Citeseer},
}
@article{gebser2018experimenting,
  title = {Experimenting with robotic intra-logistics domains},
  author = {Gebser, Martin and Obermeier, Philipp and Otto, Thomas and Schaub, Torsten and Sabuncu, Orkunt and Nguyen, Van and Son, Tran Cao},
  journal = {Theory and Practice of Logic Programming},
  volume = {18},
  number = {3-4},
  pages = {502--519},
  year = {2018},
  publisher = {Cambridge University Press},
}
